<?xml version="1.0" encoding="UTF-8"?><collection xmlns="http://www.loc.gov/MARC21/slim"><record><leader>00561nam--2200169-i-4500</leader><controlfield tag="001">000023698</controlfield><controlfield tag="002">20161230</controlfield><controlfield tag="005">20161230201035</controlfield><controlfield tag="008">060222s1000------------r-----000-0-fre-d</controlfield><datafield ind1=" " ind2=" " tag="041"><subfield code="a">fre</subfield></datafield><datafield ind1=" " ind2=" " tag="080"><subfield code="a">535.33-1(043)</subfield></datafield><datafield ind1="1" ind2=" " tag="100"><subfield code="a">Jean-Louis, Michel</subfield></datafield><datafield ind1="1" ind2="0" tag="245"><subfield code="a">Etude des spectres d`absorption induits dans le proche infrarouge de l`hydrogene et du deuterium a tres basses temperatures et sous haute pression</subfield><subfield code="b">These</subfield><subfield code="c">Michel jean-louis</subfield></datafield><datafield ind1=" " ind2=" " tag="260"><subfield code="a">Paris</subfield><subfield code="b">Universite Paris Vi</subfield><subfield code="c">1974</subfield></datafield><datafield ind1=" " ind2=" " tag="300"><subfield code="a">122P</subfield></datafield><datafield ind1=" " ind2=" " tag="852"><subfield code="a">44885</subfield><subfield code="c">535.33</subfield></datafield><datafield ind1=" " ind2=" " tag="CAT"><subfield code="a">Sys</subfield><subfield code="c">20101207</subfield><subfield code="h">151031</subfield></datafield></record></collection>